
@inproceedings{chakole2023tutorial,
	title={Tutorial on Automated Trading using API},
	author={Chakole, Jagdish and Kurhekar, Manish},
	booktitle={Proceedings of the 6th Joint International Conference on Data Science \& Management of Data (10th ACM IKDD CODS and 28th COMAD)},
	pages={305--307},
	year={2023}
}


@inproceedings{chakole2021convolutional,
	title={Convolutional Neural Network-based a Novel Deep Trend Following Strategy for Stock Market Trading.},
	author={Chakole, Jagdish and Kurhekar, Manish P},
	booktitle={CIKM Workshops},
	year={2021}
}
